
@inproceedings{attias2000independent,
	title={Independent factor analysis with temporally structured sources},
	author={Attias, Hagai},
	booktitle={Advances in neural information processing systems},
	pages={386--392},
	year={2000}
}

@inproceedings{cho2009fast,
	title={Fast motion deblurring},
	author={Cho, Sunghyun and Lee, Seungyong},
	booktitle={ACM Transactions on Graphics (TOG)},
	volume={28},
	number={5},
	pages={145},
	year={2009},
	organization={ACM}
}

@inproceedings{cho2007removing,
	title={Removing non-uniform motion blur from images},
	author={Cho, Sunghyun and Matsushita, Yasuyuki and Lee, Seungyong},
	booktitle={Computer Vision, 2007. ICCV 2007. IEEE 11th International Conference on},
	pages={1--8},
	year={2007},
	organization={IEEE}
}

@phdthesis{cho2010motion,
	title={Motion blur removal from photographs},
	author={Cho, Taeg Sang},
	year={2010},
	school={Massachusetts Institute of Technology}
}

@inproceedings{fergus2006removing,
	title={Removing camera shake from a single photograph},
	author={Fergus, Rob and Singh, Barun and Hertzmann, Aaron and Roweis, Sam T and Freeman, William T},
	booktitle={ACM transactions on graphics (TOG)},
	volume={25},
	number={3},
	pages={787--794},
	year={2006},
	organization={ACM}
}

@inproceedings{jia2007single,
	title={Single image motion deblurring using transparency},
	author={Jia, Jiaya},
	booktitle={Computer Vision and Pattern Recognition, 2007. CVPR'07. IEEE Conference on},
	pages={1--8},
	year={2007},
	organization={IEEE}
}

@inproceedings{joshi2008psf,
	title={PSF estimation using sharp edge prediction},
	author={Joshi, Neel and Szeliski, Richard and Kriegman, David J},
	booktitle={Computer Vision and Pattern Recognition, 2008. CVPR 2008. IEEE Conference on},
	pages={1--8},
	year={2008},
	organization={IEEE}
}

@inproceedings{krishnan2009fast,
	title={Fast image deconvolution using hyper-Laplacian priors},
	author={Krishnan, Dilip and Fergus, Rob},
	booktitle={Advances in Neural Information Processing Systems},
	pages={1033--1041},
	year={2009}
}

@book{levi2009using,
	title={Using Natural Image Priors: Maximizing Or Sampling?},
	author={Levi, Effi},
	publisher={Hebrew University of Jerusalem}
}


@inproceedings{levin2007blind,
	title={Blind motion deblurring using image statistics},
	author={Levin, Anat},
	booktitle={Advances in Neural Information Processing Systems},
	pages={841--848},
	year={2007}
}

@inproceedings{levin2009understanding,
	title={Understanding and evaluating blind deconvolution algorithms},
	author={Levin, Anat and Weiss, Yair and Durand, Fredo and Freeman, William T},
	booktitle={Computer Vision and Pattern Recognition, 2009. CVPR 2009. IEEE Conference on},
	pages={1964--1971},
	year={2009},
	organization={IEEE}
}

@inproceedings{levin2011efficient,
	title={Efficient marginal likelihood optimization in blind deconvolution},
	author={Levin, Anat and Weiss, Yair and Durand, Fredo and Freeman, William T},
	booktitle={Computer Vision and Pattern Recognition (CVPR), 2011 IEEE Conference on},
	pages={2657--2664},
	year={2011},
	organization={IEEE}
}

@incollection{miskin2000ensemble,
	title={Ensemble learning for blind image separation and deconvolution},
	author={Miskin, James and MacKay, David JC},
	booktitle={Advances in independent component analysis},
	pages={123--141},
	year={2000},
	publisher={Springer}
}

@inproceedings{shan2008high,
	title={High-quality motion deblurring from a single image},
	author={Shan, Qi and Jia, Jiaya and Agarwala, Aseem},
	booktitle={Acm transactions on graphics (tog)},
	volume={27},
	number={3},
	pages={73},
	year={2008},
	organization={ACM}
}

@inproceedings{shan2007rotational,
	title={Rotational motion deblurring of a rigid object from a single image},
	author={Shan, Qi and Xiong, Wei and Jia, Jiaya},
	booktitle={Computer Vision, 2007. ICCV 2007. IEEE 11th International Conference on},
	pages={1--8},
	year={2007},
	organization={IEEE}
}

@article{whyte2012non,
	title={Non-uniform deblurring for shaken images},
	author={Whyte, Oliver and Sivic, Josef and Zisserman, Andrew and Ponce, Jean},
	journal={International journal of computer vision},
	volume={98},
	number={2},
	pages={168--186},
	year={2012},
	publisher={Springer}
}

@inproceedings{xu2010two,
	title={Two-phase kernel estimation for robust motion deblurring},
	author={Xu, Li and Jia, Jiaya},
	booktitle={European Conference on Computer Vision},
	pages={157--170},
	year={2010},
	organization={Springer}
}

@inproceedings{jalobeanu2002satellite,
	title={Satellite and aerial image deconvolution using an EM method with complex wavelets},
	author={Jalobeanu, Andr{\'e} and Nowak, Robert D and Zerubia, Josiane and Figueiredo, Mario AT},
	booktitle={Image Processing. 2002. Proceedings. 2002 International Conference on},
	volume={1},
	pages={I--I},
	year={2002},
	organization={IEEE}
}

@article{richardson1972bayesian,
	title={Bayesian-based iterative method of image restoration},
	author={Richardson, William Hadley},
	journal={JOSA},
	volume={62},
	number={1},
	pages={55--59},
	year={1972},
	publisher={Optical Society of America}
}

@article{bell1995information,
	title={An information-maximization approach to blind separation and blind deconvolution},
	author={Bell, Anthony J and Sejnowski, Terrence J},
	journal={Neural computation},
	volume={7},
	number={6},
	pages={1129--1159},
	year={1995},
	publisher={MIT Press}
}

@article{chen2016compressive,
	title={Compressive deconvolution in medical ultrasound imaging},
	author={Chen, Zhouye and Basarab, Adrian and Kouam{\'e}, Denis},
	journal={IEEE transactions on medical imaging},
	volume={35},
	number={3},
	pages={728--737},
	year={2016},
	publisher={IEEE}
}

@inproceedings{sun2014good,
	title={Good image priors for non-blind deconvolution},
	author={Sun, Libin and Cho, Sunghyun and Wang, Jue and Hays, James},
	booktitle={European Conference on Computer Vision},
	pages={231--246},
	year={2014},
	organization={Springer}
}

@inproceedings{schmidt2013discriminative,
	title={Discriminative non-blind deblurring},
	author={Schmidt, Uwe and Rother, Carsten and Nowozin, Sebastian and Jancsary, Jeremy and Roth, Stefan},
	booktitle={Proceedings of the IEEE Conference on Computer Vision and Pattern Recognition},
	pages={604--611},
	year={2013}
}

